<?xml version="1.0" encoding="UTF-8"?><record xmlns="http://www.loc.gov/MARC21/slim" xmlns:cinclude="http://apache.org/cocoon/include/1.0" xmlns:zs="http://www.loc.gov/zing/srw/">
  <leader>00435nz  a2200145n  4500</leader>
  <controlfield tag="001">n  96041363 </controlfield>
  <controlfield tag="003">DLC</controlfield>
  <controlfield tag="005">19960426160744.7</controlfield>
  <controlfield tag="008">960426n| acannaab|          |a aaa |||  </controlfield>
  <datafield tag="010" ind1=" " ind2=" ">
    <subfield code="a">n  96041363 </subfield>
  </datafield>
  <datafield tag="040" ind1=" " ind2=" ">
    <subfield code="a">DLC</subfield>
    <subfield code="c">DLC</subfield>
  </datafield>
  <datafield tag="100" ind1="1" ind2="0">
    <subfield code="a">Čepauskas, Alfonsas</subfield>
  </datafield>
  <datafield tag="400" ind1="1" ind2="0">
    <subfield code="a">Čepauskas, A.</subfield>
    <subfield code="q">(Alfonsas)</subfield>
  </datafield>
  <datafield tag="670" ind1=" " ind2=" ">
    <subfield code="a">Vilnius--metropolis Lituaniae, 1989:</subfield>
    <subfield code="b">colophon (A. Čepauskas)</subfield>
  </datafield>
  <datafield tag="670" ind1=" " ind2=" ">
    <subfield code="a">LC data base, 04/26/96</subfield>
    <subfield code="b">(hdg.: Čepauskas, Alfonsas)</subfield>
  </datafield>
</record>